{
  "leader": "05898cam a2200697 a 4500",
  "fields": [
    {
      "001": "ocn221166008"
    },
    {
      "003": "OCoLC"
    },
    {
      "005": "20220104140246.0"
    },
    {
      "008": "080407s2008\\\\\\\\ne\\a\\\\\\\\\\b\\\\\\\\011\\0\\eng\\\\"
    },
    {
      "010": {
        "ind1": "\\",
        "ind2": "\\",
        "subfields": [
          {
            "a": "  2008920118"
          }
        ]
      }
    },
    {
      "040": {
        "ind1": "\\",
        "ind2": "\\",
        "subfields": [
          {
            "a": "NLM"
          },
          {
            "b": "eng"
          },
          {
            "c": "NLM"
          },
          {
            "d": "BTCTA"
          },
          {
            "d": "BAKER"
          },
          {
            "d": "YDXCP"
          },
          {
            "d": "TMC"
          },
          {
            "d": "UKM"
          },
          {
            "d": "CUY"
          },
          {
            "d": "DLC"
          },
          {
            "d": "GEBAY"
          },
          {
            "d": "OCLCF"
          },
          {
            "d": "WUM"
          },
          {
            "d": "DEBBG"
          },
          {
            "d": "OCLCO"
          },
          {
            "d": "OCLCQ"
          },
          {
            "d": "OCLCO"
          },
          {
            "d": "OCL"
          },
          {
            "d": "OCLCQ"
          },
          {
            "d": "OCLCO"
          },
          {
            "d": "OCLCA"
          },
          {
            "d": "PAU"
          },
          {
            "d": "OCLCA"
          },
          {
            "d": "OCLCQ"
          },
          {
            "d": "UKMGB"
          },
          {
            "d": "OCLCO"
          },
          {
            "d": "OCLCQ"
          },
          {
            "d": "OCLCO"
          },
          {
            "d": "OCLCQ"
          }
        ]
      }
    },
    {
      "016": {
        "ind1": "7",
        "ind2": "\\",
        "subfields": [
          {
            "a": "101475962"
          },
          {
            "2": "DNLM"
          }
        ]
      }
    },
    {
      "016": {
        "ind1": "7",
        "ind2": "\\",
        "subfields": [
          {
            "a": "014642759"
          },
          {
            "2": "Uk"
          }
        ]
      }
    },
    {
      "020": {
        "ind1": "\\",
        "ind2": "\\",
        "subfields": [
          {
            "a": "9781586038328"
          }
        ]
      }
    },
    {
      "020": {
        "ind1": "\\",
        "ind2": "\\",
        "subfields": [
          {
            "a": "158603832X"
          }
        ]
      }
    },
    {
      "035": {
        "ind1": "\\",
        "ind2": "\\",
        "subfields": [
          {
            "a": "(OCoLC)221166008"
          }
        ]
      }
    },
    {
      "042": {
        "ind1": "\\",
        "ind2": "\\",
        "subfields": [
          {
            "a": "nlmcopyc"
          }
        ]
      }
    },
    {
      "043": {
        "ind1": "\\",
        "ind2": "\\",
        "subfields": [
          {
            "a": "n-us---"
          }
        ]
      }
    },
    {
      "050": {
        "ind1": "\\",
        "ind2": "4",
        "subfields": [
          {
            "a": "RA418"
          },
          {
            "b": ".B61 2008"
          }
        ]
      }
    },
    {
      "060": {
        "ind1": "0",
        "ind2": "0",
        "subfields": [
          {
            "a": "W 20.5"
          },
          {
            "b": "B6155 v.72 2008"
          }
        ]
      }
    },
    {
      "082": {
        "ind1": "0",
        "ind2": "4",
        "subfields": [
          {
            "a": "610.72073"
          },
          {
            "b": "BIO"
          }
        ]
      }
    },
    {
      "245": {
        "ind1": "0",
        "ind2": "0",
        "subfields": [
          {
            "a": "Biomedicine in the twentieth century :"
          },
          {
            "b": "practices, policies, and politics /"
          },
          {
            "c": "Caroline Hannaway, editor."
          }
        ]
      }
    },
    {
      "260": {
        "ind1": "\\",
        "ind2": "\\",
        "subfields": [
          {
            "a": "Amsterdam ;"
          },
          {
            "a": "Washington, D.C. :"
          },
          {
            "b": "IOS Press,"
          },
          {
            "c": "2008."
          }
        ]
      }
    },
    {
      "300": {
        "ind1": "\\",
        "ind2": "\\",
        "subfields": [
          {
            "a": "x, 377 pages :"
          },
          {
            "b": "illustrations ;"
          },
          {
            "c": "25 cm"
          }
        ]
      }
    },
    {
      "336": {
        "ind1": "\\",
        "ind2": "\\",
        "subfields": [
          {
            "a": "text"
          },
          {
            "b": "txt"
          },
          {
            "2": "rdacontent"
          }
        ]
      }
    },
    {
      "337": {
        "ind1": "\\",
        "ind2": "\\",
        "subfields": [
          {
            "a": "unmediated"
          },
          {
            "b": "n"
          },
          {
            "2": "rdamedia"
          }
        ]
      }
    },
    {
      "338": {
        "ind1": "\\",
        "ind2": "\\",
        "subfields": [
          {
            "a": "volume"
          },
          {
            "b": "nc"
          },
          {
            "2": "rdacarrier"
          }
        ]
      }
    },
    {
      "490": {
        "ind1": "1",
        "ind2": "\\",
        "subfields": [
          {
            "a": "Biomedical and health research ;"
          },
          {
            "v": "v. 72"
          }
        ]
      }
    },
    {
      "500": {
        "ind1": "\\",
        "ind2": "\\",
        "subfields": [
          {
            "a": "\"In honor of Victoria A. Harden, founding director of the Office of NIH History (1986-2006)\"--Page [v]."
          }
        ]
      }
    },
    {
      "500": {
        "ind1": "\\",
        "ind2": "\\",
        "subfields": [
          {
            "a": "\". . . based on a conference that was held at the National Institutes of Health in December 2005 to promote historical research on biomedical science in the twentieth century\"--Page ix."
          }
        ]
      }
    },
    {
      "504": {
        "ind1": "\\",
        "ind2": "\\",
        "subfields": [
          {
            "a": "Includes bibliographical references and index."
          }
        ]
      }
    },
    {
      "505": {
        "ind1": "0",
        "ind2": "0",
        "subfields": [
          {
            "t": "Inventing the Office of NIH History /"
          },
          {
            "r": "Caroline Hannaway --"
          },
          {
            "t": "The socialization of research and the transformation of the academy /"
          },
          {
            "r": "Richard C. Lewontin --"
          },
          {
            "t": "Disease categories and scientific disciplines: reorganizing the NIH Intramural Program, 1945-1960 /"
          },
          {
            "r": "Buhm Soon Park --"
          },
          {
            "t": "The National Institute of Mental Health and mental health policy, 1949-1965 /"
          },
          {
            "r": "Gerald N. Grob --"
          },
          {
            "t": "Radium and the origins of the National Cancer Institute /"
          },
          {
            "r": "David Cantor --"
          },
          {
            "t": "Transplant nation: the NIH and the politics of heart transplantation in the 1960s /"
          },
          {
            "r": "Susan E. Lederer --"
          },
          {
            "t": "Mobilizing biomedicine: virus research between lay health organizations and the U.S. federal government, 1935-1955 /"
          },
          {
            "r": "Angela N.H. Creager --"
          },
          {
            "t": "Genes, disease, and patents: cash and community in biomedicine /"
          },
          {
            "r": "Daniel J. Kevles --"
          },
          {
            "t": "The critical role of laboratory instruments at the Rockefeller: biomedicine as biotechnology /"
          },
          {
            "r": "Darwin H. Stapleton --"
          },
          {
            "t": "Clinical research in postwar Britain: the role of the Medical Research Council /"
          },
          {
            "r": "Carsten Timmermann --"
          },
          {
            "t": "Towards a history of \"The Vaccine Innovation System,\" 1950-2000 /"
          },
          {
            "r": "Stuart Blume --"
          },
          {
            "t": "Molecularization and infectious disease research: the case of synthetic antimalarial drugs in the twentieth century /"
          },
          {
            "r": "Leo Slater --"
          },
          {
            "t": "Scientific discoveries: an institutionalist and path-dependent perspective /"
          },
          {
            "r": "J. Rogers Hollingsworth."
          }
        ]
      }
    },
    {
      "520": {
        "ind1": "\\",
        "ind2": "\\",
        "subfields": [
          {
            "a": "This book is a testimony to the growing interest of scholars in the development of the biomedical sciences in the twentieth century and to the number of historians, social scientists and health policy analysts now working on the subject. The book is comprised of essays by noted historians and social scientists that offer insights on a range of subjects that should be a significant stimulus for further historical investigation. It details the NIH's practices, policies and politics on a variety of fronts, including the development of the intramural program, the National Institute of Mental Health and mental health policy, the politics and funding of heart transplantation and the initial focus of the National Cancer Institute. Comparisons can be made with the development of other American and British institutions involved in medical research, such as the Rockefeller Institute and the Medical Research Council. Discussions of the larger scientific and social context of United States federal support for research, the role of lay institutions in federal funding of virus research, the consequences of technology transfer and patenting, the effects of vaccine and drug development and the environment of research discoveries all offer new insights and suggest questions for further exploration."
          }
        ]
      }
    },
    {
      "610": {
        "ind1": "2",
        "ind2": "0",
        "subfields": [
          {
            "a": "National Institutes of Health (U.S.)"
          },
          {
            "x": "History"
          },
          {
            "y": "20th century"
          },
          {
            "v": "Congresses."
          }
        ]
      }
    },
    {
      "610": {
        "ind1": "2",
        "ind2": "0",
        "subfields": [
          {
            "a": "National Institute of Mental Health (U.S.)"
          },
          {
            "x": "History"
          },
          {
            "y": "20th century"
          },
          {
            "v": "Congresses."
          }
        ]
      }
    },
    {
      "610": {
        "ind1": "2",
        "ind2": "0",
        "subfields": [
          {
            "a": "National Cancer Institute (U.S.)"
          },
          {
            "x": "History"
          },
          {
            "y": "20th century"
          },
          {
            "v": "Congresses."
          }
        ]
      }
    },
    {
      "650": {
        "ind1": "\\",
        "ind2": "0",
        "subfields": [
          {
            "a": "Medicine"
          },
          {
            "x": "Research"
          },
          {
            "z": "United States"
          },
          {
            "x": "History"
          },
          {
            "y": "20th century"
          },
          {
            "v": "Congresses."
          }
        ]
      }
    },
    {
      "650": {
        "ind1": "\\",
        "ind2": "0",
        "subfields": [
          {
            "a": "Biology"
          },
          {
            "x": "Research"
          },
          {
            "z": "United States"
          },
          {
            "x": "History"
          },
          {
            "y": "20th century"
          },
          {
            "v": "Congresses."
          }
        ]
      }
    },
    {
      "610": {
        "ind1": "2",
        "ind2": "2",
        "subfields": [
          {
            "a": "National Institutes of Health (U.S.)"
          }
        ]
      }
    },
    {
      "650": {
        "ind1": "1",
        "ind2": "2",
        "subfields": [
          {
            "a": "Biomedical Research"
          },
          {
            "x": "history."
          }
        ]
      }
    },
    {
      "650": {
        "ind1": "2",
        "ind2": "2",
        "subfields": [
          {
            "a": "History, 20th Century."
          }
        ]
      }
    },
    {
      "650": {
        "ind1": "2",
        "ind2": "2",
        "subfields": [
          {
            "a": "Public Policy."
          }
        ]
      }
    },
    {
      "651": {
        "ind1": "\\",
        "ind2": "2",
        "subfields": [
          {
            "a": "United States."
          }
        ]
      }
    },
    {
      "610": {
        "ind1": "2",
        "ind2": "7",
        "subfields": [
          {
            "a": "National Cancer Institute (U.S.)"
          },
          {
            "2": "fast"
          },
          {
            "0": "(OCoLC)fst00536950"
          }
        ]
      }
    },
    {
      "610": {
        "ind1": "2",
        "ind2": "7",
        "subfields": [
          {
            "a": "National Institute of Mental Health (U.S.)"
          },
          {
            "2": "fast"
          },
          {
            "0": "(OCoLC)fst00531746"
          }
        ]
      }
    },
    {
      "610": {
        "ind1": "2",
        "ind2": "7",
        "subfields": [
          {
            "a": "National Institutes of Health (U.S.)"
          },
          {
            "2": "fast"
          },
          {
            "0": "(OCoLC)fst00528328"
          }
        ]
      }
    },
    {
      "650": {
        "ind1": "\\",
        "ind2": "7",
        "subfields": [
          {
            "a": "Biology"
          },
          {
            "x": "Research."
          },
          {
            "2": "fast"
          },
          {
            "0": "(OCoLC)fst00832448"
          }
        ]
      }
    },
    {
      "650": {
        "ind1": "\\",
        "ind2": "7",
        "subfields": [
          {
            "a": "Medicine"
          },
          {
            "x": "Research."
          },
          {
            "2": "fast"
          },
          {
            "0": "(OCoLC)fst01015059"
          }
        ]
      }
    },
    {
      "651": {
        "ind1": "\\",
        "ind2": "7",
        "subfields": [
          {
            "a": "United States."
          },
          {
            "2": "fast"
          },
          {
            "0": "(OCoLC)fst01204155"
          }
        ]
      }
    },
    {
      "648": {
        "ind1": "\\",
        "ind2": "7",
        "subfields": [
          {
            "a": "1900-1999"
          },
          {
            "2": "fast"
          }
        ]
      }
    },
    {
      "655": {
        "ind1": "\\",
        "ind2": "2",
        "subfields": [
          {
            "a": "Festschrift."
          }
        ]
      }
    },
    {
      "655": {
        "ind1": "\\",
        "ind2": "7",
        "subfields": [
          {
            "a": "Conference papers and proceedings."
          },
          {
            "2": "fast"
          },
          {
            "0": "(OCoLC)fst01423772"
          }
        ]
      }
    },
    {
      "655": {
        "ind1": "\\",
        "ind2": "7",
        "subfields": [
          {
            "a": "History."
          },
          {
            "2": "fast"
          },
          {
            "0": "(OCoLC)fst01411628"
          }
        ]
      }
    },
    {
      "700": {
        "ind1": "1",
        "ind2": "\\",
        "subfields": [
          {
            "a": "Hannaway, Caroline,"
          },
          {
            "d": "1943-"
          }
        ]
      }
    },
    {
      "700": {
        "ind1": "1",
        "ind2": "\\",
        "subfields": [
          {
            "a": "Harden, Victoria Angela."
          }
        ]
      }
    },
    {
      "830": {
        "ind1": "\\",
        "ind2": "0",
        "subfields": [
          {
            "a": "Biomedical and health research ;"
          },
          {
            "v": "v. 72."
          }
        ]
      }
    },
    {
      "856": {
        "ind1": "4",
        "ind2": "1",
        "subfields": [
          {
            "3": "Table of contents"
          },
          {
            "u": "http://bvbr.bib-bvb.de:8991/F?func=service&doc_library=BVB01&local_base=BVB01&doc_number=016556300&line_number=0001&func_code=DB_RECORDS&service_type=MEDIA"
          }
        ]
      }
    },
    {
      "856": {
        "ind1": "\\",
        "ind2": "\\",
        "subfields": [
          {
            "3": "1850-9999"
          },
          {
            "u": "http://www.iospress.nl/"
          },
          {
            "x": "BLDSS"
          }
        ]
      }
    },
    {
      "994": {
        "ind1": "\\",
        "ind2": "\\",
        "subfields": [
          {
            "a": "Z0"
          },
          {
            "b": "NYRVC"
          }
        ]
      }
    },
    {
      "948": {
        "ind1": "\\",
        "ind2": "\\",
        "subfields": [
          {
            "h": "NO HOLDINGS IN NYRVC - 73 OTHER HOLDINGS"
          }
        ]
      }
    },
    {
      "999": {
        "ind1": "\\",
        "ind2": "\\",
        "subfields": [
          {
            "a": "No barcode."
          }
        ]
      }
    }
  ]
}